@MISC{QtSignalsAndSlots,
	author = {The Qt Company},
	title = {Qt signals and slots},
	year = {2016},
	howpublished = {\url{http://doc.qt.io/qt-4.8/signalsandslots.html}}
}

@MISC{BootstrapStarRating,
	author = {Kartik Visweswaran},
	title = {Bootstrap star rating},
	year = {2016},
	howpublished = {\http://plugins.krajee.com/star-rating}}


