@Comment{$ biblatex control file $}
<<<<<<< HEAD
@Comment{$ biblatex version 2.6 $}
=======
@Comment{$ biblatex version 2.5 $}
>>>>>>> 08f2eb47c7c7a3dc0669233f9683e0c5608d8523
Do not modify this file!

This is an auxiliary file used by the 'biblatex' package.
This file may safely be deleted. It will be recreated as
required.

@Control{biblatex-control,
<<<<<<< HEAD
  options = {2.6:0:0:1:0:0:1:1:0:0:0:0:1:1:3:1:79:+},
=======
  options = {2.5:0:0:1:0:0:1:1:0:0:0:0:1:1:3:1:79:+},
>>>>>>> 08f2eb47c7c7a3dc0669233f9683e0c5608d8523
}
