@Comment{$ biblatex control file $}
<<<<<<< HEAD
@Comment{$ biblatex version 2.7 $}
=======
@Comment{$ biblatex version 2.5 $}
>>>>>>> 6f8d1374ee6523206d04fd9dd6ec114ce8752e17
Do not modify this file!

This is an auxiliary file used by the 'biblatex' package.
This file may safely be deleted. It will be recreated as
required.

@Control{biblatex-control,
<<<<<<< HEAD
  options = {2.7:0:0:1:0:1:1:0:0:0:0:1:3:1:79:+:nty},
=======
  options = {2.5:0:0:1:0:0:1:1:0:0:0:0:1:1:3:1:79:+},
>>>>>>> 6f8d1374ee6523206d04fd9dd6ec114ce8752e17
}
