@MISC{QtSignalsAndSlots,
	author = {The Qt Company},
	title = {Qt signals and slots},
	year = {2016},
	howpublished = {\url{http://doc.qt.io/qt-4.8/signalsandslots.html}}
}

@MISC{Qtdocumentation2016,
 	author = {The Qt Company},
 	title = {Qt documentation},
 	year = {2016},
 	howpublished = {\url{http://doc.qt.io/}}
}
 

@MISC{XMLdokumentation2016,
	author = {Refsnes Data, W3schools},
	title = {XML documentation},
	year = {2016},
	howpublished = {\url{http://www.w3schools.com/xml/}}
}

@MISC{HTMLDOMdokumentation2016,
	author = {Refsnes Data, W3schools},
	title = {HTML documentation},
	year = {2016},
	howpublished = {\url{http://www.w3schools.com/jsref/dom_obj_document.asp}}
}

@MISC{HTMLDOMTabledokumentation2016,
	author = {W3C Â® (MIT, ERCIM, Keio, Beihang)},
	title = {HTML DOM table documentation},
	year = {2016},
	howpublished = {\url{https://www.w3.org/TR/WD-DOM/introduction.html}}
}

@MISC{BTTerminal,
	author = {Qwerty)},
	title = {},
	year = {2014},
	howpublished = {\url{https://play.google.com/store/apps/details?id=Qwerty.BluetoothTerminal}}
}

@MISC{SysML2015,
	author = {SysML PARTNERS},
	title = {SysML Open SOurce Specification Project},
	year = {2016},
	howpublished = {\url{http://sysml.org}}
}

@MISC{rs485,
	author = {Wikipedia},
	title = {RS-485},
	year = {2016},
	howpublished = {\url{https://en.wikipedia.org/wiki/RS-485}}
}

@MISC{I2C2014,
	author = {NXP Semiconductors},
	title = {I2C},
	year = {2014},
	howpublished = {\url{http://www.nxp.com/documents/user_manual/UM10204.pdf}}
}

@MISC{SPI2016,
	author = {Wikipedia},
	title = {SPI},
	year = {2016},
	howpublished = {\url{https://en.wikipedia.org/wiki/Serial_Peripheral_Interface_Bus}}
}

@MISC{Devkit2016,
	author = {IHA},
	title = {Devkit8000},
	year = {2016},
	howpublished = {\url{https://redmine.iha.dk/devs/projects/devkit8000/wiki/Devkit8000}}
}